@article{Albash_2018,
   title={Adiabatic quantum computation},
   volume={90},
   ISSN={1539-0756},
   url={http://dx.doi.org/10.1103/RevModPhys.90.015002},
   DOI={10.1103/revmodphys.90.015002},
   number={1},
   journal={Reviews of Modern Physics},
   publisher={American Physical Society (APS)},
   author={Albash, Tameem and Lidar, Daniel A.},
   year={2018},
   month={Jan}
}
@article{benioff1982quantum,
  title={Quantum mechanical Hamiltonian models of Turing machines},
  author={Benioff, Paul},
  journal={Journal of Statistical Physics},
  volume={29},
  number={3},
  pages={515--546},
  year={1982},
  publisher={Springer}
}
@article{feynman1982simulating,
  title={Simulating physics with computers},
  author={Feynman, Richard P},
  journal={International journal of theoretical physics},
  volume={21},
  number={6},
  pages={467--488},
  year={1982},
  publisher={Springer}
}
@article{ladd2010quantum,
  title={Quantum computers},
  author={Ladd, Thaddeus D and Jelezko, Fedor and Laflamme, Raymond and Nakamura, Yasunobu and Monroe, Christopher and Oâ€™Brien, Jeremy Lloyd},
  journal={nature},
  volume={464},
  number={7285},
  pages={45},
  year={2010},
  publisher={Nature Publishing Group}
}
@misc{nielsen2002quantum,
  title={Quantum computation and quantum information},
  author={Nielsen, Michael A and Chuang, Isaac},
  year={2002},
  publisher={AAPT}
}
@article{deutsch1992rapid,
  title={Rapid solution of problems by quantum computation},
  author={Deutsch, David and Jozsa, Richard},
  journal={Proceedings of the Royal Society of London. Series A: Mathematical and Physical Sciences},
  volume={439},
  number={1907},
  pages={553--558},
  year={1992},
  publisher={The Royal Society London}
}
@inproceedings{shor1994algorithms,
  title={Algorithms for quantum computation: Discrete logarithms and factoring},
  author={Shor, Peter W},
  booktitle={Proceedings 35th annual symposium on foundations of computer science},
  pages={124--134},
  year={1994},
  organization={Ieee}
}
@article{grover1996fast,
  title={A fast quantum mechanical algorithm for database search},
  author={Grover, Lov K},
  journal={arXiv preprint quant-ph/9605043},
  year={1996}
}
@article{hauke2019perspectives,
  title={Perspectives of quantum annealing: Methods and implementations},
  author={Hauke, Philipp and Katzgraber, Helmut G and Lechner, Wolfgang and Nishimori, Hidetoshi and Oliver, William D},
  journal={arXiv preprint arXiv:1903.06559},
  year={2019}
}
@article{albash2015decoherence,
  title={Decoherence in adiabatic quantum computation},
  author={Albash, Tameem and Lidar, Daniel A},
  journal={Physical Review A},
  volume={91},
  number={6},
  pages={062320},
  year={2015},
  publisher={APS}
}
@article{farhi2002quantum,
  title={Quantum adiabatic evolution algorithms with different paths},
  author={Farhi, Edward and Goldstone, Jeffrey and Gutmann, Sam},
  journal={arXiv preprint quant-ph/0208135},
  year={2002}
}
@article{crosson2014different,
  title={Different strategies for optimization using the quantum adiabatic algorithm},
  author={Crosson, Elizabeth and Farhi, Edward and Lin, Cedric Yen-Yu and Lin, Han-Hsuan and Shor, Peter},
  journal={arXiv preprint arXiv:1401.7320},
  year={2014}
}
@article{hormozi2017nonstoquastic,
  title={Nonstoquastic Hamiltonians and quantum annealing of an Ising spin glass},
  author={Hormozi, Layla and Brown, Ethan W and Carleo, Giuseppe and Troyer, Matthias},
  journal={Physical Review B},
  volume={95},
  number={18},
  pages={184416},
  year={2017},
  publisher={APS}
}
@book{portugal2013quantum,
  title={Quantum walks and search algorithms},
  author={Portugal, Renato},
  year={2013},
  publisher={Springer}
}
@book{boyd2004convex,
  title={Convex optimization},
  author={Boyd, Stephen and Vandenberghe, Lieven},
  year={2004},
  publisher={Cambridge university press}
}
@article{hsu2018quantum,
  title={Quantum annealing with anneal path control: application to 2-SAT problems with known energy landscapes},
  author={Hsu, Ting-Jui and Jin, Fengping and Seidel, Christian and Neukart, Florian and De Raedt, Hans and Michielsen, Kristel},
  journal={Commun. Comput. Phys. 26, 928-946 (2019)},
  year={2018}
}
@article{thomas2014quantum,
  title={Quantum Searches in a Hard 2SAT Ensemble},
  author={Thomas, Neuhaus},
  journal={arXiv preprint arXiv:1412.5460},
  year={2014}
}
@article{santoro2006optimization,
  title={Optimization using quantum mechanics: quantum annealing through adiabatic evolution},
  author={Santoro, Giuseppe E and Tosatti, Erio},
  journal={Journal of Physics A: Mathematical and General},
  volume={39},
  number={36},
  pages={R393},
  year={2006},
  publisher={IOP Publishing}
}
@article{kirkpatrick1983optimization,
  title={Optimization by simulated annealing},
  author={Kirkpatrick, Scott and Gelatt, C Daniel and Vecchi, Mario P},
  journal={science},
  volume={220},
  number={4598},
  pages={671--680},
  year={1983},
  publisher={American Association for the Advancement of Science}
}
@article{apolloni1989quantum,
  title={Quantum stochastic optimization},
  author={Apolloni, Bruno and Carvalho, C and De Falco, Diego},
  journal={Stochastic Processes and their Applications},
  volume={33},
  number={2},
  pages={233--244},
  year={1989},
  publisher={Elsevier}
}\\

@article{born1928beweis,
  title={Beweis des adiabatensatzes},
  author={Born, Max and Fock, Vladimir},
  journal={Zeitschrift f{\"u}r Physik},
  volume={51},
  number={3-4},
  pages={165--180},
  year={1928},
  publisher={Springer}
}

@article{kato1950adiabatic,
  title={On the adiabatic theorem of quantum mechanics},
  author={Kato, Tosio},
  journal={Journal of the Physical Society of Japan},
  volume={5},
  number={6},
  pages={435--439},
  year={1950},
  publisher={The Physical Society of Japan}
}

@article{farhi2000quantum,
  title={Quantum computation by adiabatic evolution},
  author={Farhi, Edward and Goldstone, Jeffrey and Gutmann, Sam and Sipser, Michael},
  journal={arXiv preprint quant-ph/0001106},
  year={2000}
}

@article{de2004computational,
  title={Computational methods for simulating quantum computers},
  author={De Raedt, Hans and Michielsen, K},
  journal={arXiv preprint quant-ph/0406210},
  year={2004}
}
@article{trotter1959product,
  title={On the product of semi-groups of operators},
  author={Trotter, Hale F},
  journal={Proceedings of the American Mathematical Society},
  volume={10},
  number={4},
  pages={545--551},
  year={1959},
  publisher={JSTOR}
}
@article{suzuki1977monte,
  title={Monte Carlo simulation of quantum spin systems. I},
  author={Suzuki, Masuo and Miyashita, Seiji and Kuroda, Akira},
  journal={Progress of Theoretical Physics},
  volume={58},
  number={5},
  pages={1377--1387},
  year={1977},
  publisher={Oxford University Press}
}
@article{de1989simulation,
  title={Simulation of two and three-dimensional disordered systems: Lifshitz tails and localization properties},
  author={De Raedt, Hans and de Vries, Pedro},
  journal={Zeitschrift f{\"u}r Physik B Condensed Matter},
  volume={77},
  number={2},
  pages={243--251},
  year={1989},
  publisher={Springer}
}
@article{de1987product,
  title={Product formula algorithms for solving the time dependent Schr{\"o}dinger equation},
  author={De Raedt, Hans},
  journal={Computer Physics Reports},
  volume={7},
  number={1},
  pages={1--72},
  year={1987},
  publisher={Elsevier}
}
@article{landau1932theorie,
  title={Zur Theorie der Energieubertragung I},
  author={Landau, LD},
  journal={Z. Sowjetunion},
  volume={1},
  pages={88--95},
  year={1932}
}

@article{zener1932non,
  title={Non-adiabatic crossing of energy levels},
  author={Zener, Clarence},
  journal={Proceedings of the Royal Society of London. Series A, Containing Papers of a Mathematical and Physical Character},
  volume={137},
  number={833},
  pages={696--702},
  year={1932},
  publisher={The Royal Society London}
}
@article{de1997theory,
  title={Theory of quantum tunneling of the magnetization in magnetic particles},
  author={De Raedt, H and Miyashita, S and Saito, K and Garcia-Pablos, D and Garcia, N},
  journal={Physical Review B},
  volume={56},
  number={18},
  pages={11761},
  year={1997},
  publisher={APS}
}
@article{miyashita1995dynamics,
  title={Dynamics of the magnetization with an inversion of the magnetic field},
  author={Miyashita, Seiji},
  journal={Journal of the Physical Society of Japan},
  volume={64},
  number={9},
  pages={3207--3214},
  year={1995},
  publisher={The Physical Society of Japan}
}

@article{miyashita1996observation,
  title={Observation of the Energy Gap due to the Quantum TunnelingMaking Use of the Landau-Zener Mechanism},
  author={Miyashita, Seiji},
  journal={Journal of the Physical Society of Japan},
  volume={65},
  number={8},
  pages={2734--2735},
  year={1996},
  publisher={The Physical Society of Japan}
}



